<?xml version="1.0" encoding="UTF-8"?><collection xmlns="http://www.loc.gov/MARC21/slim"><record><leader>00598nam--2200205-u-4500</leader><controlfield tag="001">000056491</controlfield><controlfield tag="002">20161230</controlfield><controlfield tag="005">20161230201052</controlfield><controlfield tag="008">151109s1000------------r-----000-0-rus-d</controlfield><datafield ind1=" " ind2=" " tag="040"><subfield code="a">IFIN-HH</subfield></datafield><datafield ind1=" " ind2=" " tag="041"><subfield code="a">rus</subfield></datafield><datafield ind1=" " ind2=" " tag="080"><subfield code="a">539.163.2(083)</subfield></datafield><datafield ind1="1" ind2=" " tag="100"><subfield code="a">Wapstra, A. H</subfield></datafield><datafield ind1="1" ind2="0" tag="245"><subfield code="a">Tabliti po iadernoi spektroskopii</subfield><subfield code="c">A.h. wapstra, g.j. nijgh, r. van lieshout</subfield></datafield><datafield ind1=" " ind2=" " tag="260"><subfield code="a">Moskva</subfield><subfield code="b">Atomoi Nauki I Tehniki</subfield><subfield code="c">1960</subfield></datafield><datafield ind1=" " ind2=" " tag="300"><subfield code="a">178P</subfield></datafield><datafield ind1=" " ind2=" " tag="500"><subfield code="a">Titlul Original In Limba Engleza: Nuclear Spectrosopy Tables</subfield></datafield><datafield ind1="1" ind2=" " tag="700"><subfield code="a">Lieshout, R. Van</subfield></datafield><datafield ind1=" " ind2=" " tag="852"><subfield code="a">7733</subfield><subfield code="c">53.081</subfield></datafield><datafield ind1=" " ind2=" " tag="CAT"><subfield code="a">Sys</subfield><subfield code="c">20151113</subfield><subfield code="h">112611</subfield></datafield></record></collection>